@Article{bar2005,
   Author="Toufighi, K.  and Brady, S. M.  and Austin, R.  and Ly, E.  and Provart, N. J. ",
   Title="{{T}he {B}otany {A}rray {R}esource: e-{N}ortherns, {E}xpression {A}ngling, and promoter analyses}",
   Journal="Plant J.",
   Year="2005",
   Volume="43",
   Number="1",
   Pages="153--163"
}

% 25414324 
@Article{araport2015,
   Author="Krishnakumar, V.  and Hanlon, M. R.  and Contrino, S.  and Ferlanti, E. S.  and Karamycheva, S.  and Kim, M.  and Rosen, B. D.  and Cheng, C. Y.  and Moreira, W.  and Mock, S. A.  and Stubbs, J.  and Sullivan, J. M.  and Krampis, K.  and Miller, J. R.  and Micklem, G.  and Vaughn, M.  and Town, C. D. ",
   Title="{{A}raport: the {A}rabidopsis information portal}",
   Journal="Nucleic Acids Res.",
   Year="2015",
   Volume="43",
   Number="Database issue",
   Pages="D1003--1009"
}

@online{araportpage,
  author = {MultiMedia LLC},
  title = {Araport},
  year = 2017,
  url = {https://web.archive.org/web/20170629092123/https://www.araport.org/},
  urldate = {2020-01-28}
}

